@article{kaelbling1996reinforcement,
  title={Reinforcement learning: A survey},
  author={Kaelbling, Leslie Pack and Littman, Michael L and Moore, Andrew W},
  journal={Journal of artificial intelligence research},
  volume={4},
  pages={237--285},
  year={1996}
}

@online{qLearningForBeginners,
  title={Q-learning for beginners},
  author={Maxime Labonne},
  journal={Towards Data Science - Medium},
  volume={1},
  url={https://towardsdatascience.com/q-learning-for-beginners-2837b777741},
  year={2022}
}

@article{clifton2020q,
  title={Q-learning: Theory and applications},
  author={Clifton, Jesse and Laber, Eric},
  journal={Annual Review of Statistics and Its Application},
  volume={7},
  pages={279--301},
  year={2020},
  publisher={Annual Reviews}
}

@article{laber2018optimal,
  title={Optimal treatment allocations in space and time for on-line control of an emerging infectious disease},
  author={Laber, Eric B and Meyer, Nick J and Reich, Brian J and Pacifici, Krishna and Collazo, Jaime A and Drake, John M},
  journal={Journal of the Royal Statistical Society Series C: Applied Statistics},
  volume={67},
  number={4},
  pages={743--789},
  year={2018},
  publisher={Oxford University Press}
}